<?xml version="1.0" encoding="UTF-8"?><record xmlns="http://www.loc.gov/MARC21/slim" xmlns:cinclude="http://apache.org/cocoon/include/1.0" xmlns:zs="http://www.loc.gov/zing/srw/">
  <leader>00388nz  a2200133n  4500</leader>
  <controlfield tag="001">no 93038959 </controlfield>
  <controlfield tag="003">DLC</controlfield>
  <controlfield tag="005">19931221153437.9</controlfield>
  <controlfield tag="008">931220n| acannaab|          |a aaa     c</controlfield>
  <datafield tag="010" ind1=" " ind2=" ">
    <subfield code="a">no 93038959 </subfield>
  </datafield>
  <datafield tag="040" ind1=" " ind2=" ">
    <subfield code="a">CoU</subfield>
    <subfield code="c">CoU</subfield>
  </datafield>
  <datafield tag="100" ind1="1" ind2="0">
    <subfield code="a">Del Castillo, Michel,</subfield>
    <subfield code="d">1933-</subfield>
    <subfield code="t">Nuit du deĚcret.</subfield>
    <subfield code="l">Spanish</subfield>
  </datafield>
  <datafield tag="400" ind1="1" ind2="0">
    <subfield code="a">Del Castillo, Michel,</subfield>
    <subfield code="d">1933-</subfield>
    <subfield code="t">Noche del decreto</subfield>
  </datafield>
  <datafield tag="670" ind1=" " ind2=" ">
    <subfield code="a">His La noche del decreto, 1982.</subfield>
  </datafield>
</record>